<?xml version="1.0" encoding="UTF-8"?>
<record xmlns="http://www.loc.gov/MARC21/slim" xmlns:xsi="http://www.w3.org/2001/XMLSchema-instance" xsi:schemaLocation="http://www.loc.gov/MARC21/slim http://www.loc.gov/standards/marcxml/schema/MARC21slim.xsd">
<leader>00000cam a22      a 4500</leader>
<controlfield tag="001">002813524</controlfield>
<controlfield tag="003">NNU</controlfield>
<controlfield tag="005">20150714154635.0</controlfield>
<controlfield tag="008">870120m19681971ir h     b    000 0 arard</controlfield>
<datafield tag="010" ind1=" " ind2=" ">
<subfield code="a">   74204825</subfield>
</datafield>
<datafield tag="035" ind1=" " ind2=" ">
<subfield code="a">(OCoLC)15092820</subfield>
<subfield code="z">(OCoLC)220906108</subfield>
</datafield>
<datafield tag="040" ind1=" " ind2=" ">
<subfield code="a">WAU</subfield>
<subfield code="b">eng</subfield>
<subfield code="c">WAU</subfield>
<subfield code="d">OCLCG</subfield>
<subfield code="d">AU@</subfield>
<subfield code="d">OCLCQ</subfield>
<subfield code="d">OCLCO</subfield>
<subfield code="d">OCLCA</subfield>
<subfield code="d">OCLCQ</subfield>
<subfield code="d">OCLCF</subfield>
<subfield code="d">NNU</subfield>
</datafield>
<datafield tag="082" ind1="0" ind2="4">
<subfield code="a">297.1248</subfield>
<subfield code="2">20</subfield>
</datafield>
<datafield tag="090" ind1=" " ind2=" ">
<subfield code="a">BP193.25</subfield>
<subfield code="b">.K84 1968</subfield>
</datafield>
<datafield tag="100" ind1="1" ind2=" ">
<subfield code="6">880-01</subfield>
<subfield code="a">Kulaynī, Muḥammad ibn Yaʻqūb,</subfield>
<subfield code="d">-941?</subfield>
</datafield>
<datafield tag="240" ind1="1" ind2="0">
<subfield code="6">880-02</subfield>
<subfield code="a">Kāfī</subfield>
</datafield>
<datafield tag="245" ind1="1" ind2="3">
<subfield code="6">880-03</subfield>
<subfield code="a">al-Uṣūl min al-Kāfī /</subfield>
<subfield code="c">taʼlīf Abī Jaʻfar Muḥammad ibn Yaʻqūb ibn Isḥāq al-Kulaynī al-Rāzī ; maʻa taʻlīqāt nāfiʻah maʼkhūdhah min ʻiddat shurūḥ, ṣaḥḥaḥah wa-ʻallaqa ʻalayh ʻAlī Akbar al-Ghaffārī ; nahaḍa bi-mashrūʻih Muḥammad al-Ākhūndī.</subfield>
</datafield>
<datafield tag="246" ind1="1" ind2=" ">
<subfield code="6">880-04</subfield>
<subfield code="i">Vols. 3-7 have title:</subfield>
<subfield code="a">Furūʻ min al-Kāfī</subfield>
</datafield>
<datafield tag="246" ind1="1" ind2=" ">
<subfield code="6">880-05</subfield>
<subfield code="i">Vol. 8 has title:</subfield>
<subfield code="a">Rawḍah min al-Kāfī</subfield>
</datafield>
<datafield tag="246" ind1="3" ind2=" ">
<subfield code="a">Kāfī</subfield>
</datafield>
<datafield tag="250" ind1=" " ind2=" ">
<subfield code="6">880-06</subfield>
<subfield code="a">al-Ṭabʻah 3.</subfield>
</datafield>
<datafield tag="260" ind1=" " ind2=" ">
<subfield code="6">880-07</subfield>
<subfield code="a">Tihrān :</subfield>
<subfield code="b">Dār al-Kutub al-Islāmīyah,</subfield>
<subfield code="c">1388-1391 [1968-1971]</subfield>
</datafield>
<datafield tag="300" ind1=" " ind2=" ">
<subfield code="a">8 volumes :</subfield>
<subfield code="b">facsimiles ;</subfield>
<subfield code="c">25 cm</subfield>
</datafield>
<datafield tag="336" ind1=" " ind2=" ">
<subfield code="a">text</subfield>
<subfield code="b">txt</subfield>
<subfield code="2">rdacontent</subfield>
</datafield>
<datafield tag="337" ind1=" " ind2=" ">
<subfield code="a">unmediated</subfield>
<subfield code="b">n</subfield>
<subfield code="2">rdamedia</subfield>
</datafield>
<datafield tag="338" ind1=" " ind2=" ">
<subfield code="a">volume</subfield>
<subfield code="b">nc</subfield>
<subfield code="2">rdacarrier</subfield>
</datafield>
<datafield tag="500" ind1=" " ind2=" ">
<subfield code="a">Vols. 3-7 entitled: Furūʻ min al-Kāfī; v. 8 has title: Rawḍah min al-Kāfī.</subfield>
</datafield>
<datafield tag="504" ind1=" " ind2=" ">
<subfield code="a">Includes bibliographical references.</subfield>
</datafield>
<datafield tag="505" ind1="0" ind2="0">
<subfield code="6">880-08</subfield>
<subfield code="a">Vols. 3-7 entitled: Furūʻ min al-Kāfī; v. 8 has title: Rawḍah min al-Kāfī.</subfield>
</datafield>
<datafield tag="650" ind1=" " ind2="0">
<subfield code="a">Hadith (Shiites)</subfield>
</datafield>
<datafield tag="650" ind1=" " ind2="7">
<subfield code="a">Hadith (Shiites)</subfield>
<subfield code="2">fast</subfield>
<subfield code="0">(OCoLC)fst00950138</subfield>
</datafield>
<datafield tag="700" ind1="1" ind2=" ">
<subfield code="a">Ghaffārī, ʻAlī Akbar</subfield>
<subfield code="6">880-09</subfield>
</datafield>
<datafield tag="700" ind1="1" ind2=" ">
<subfield code="6">880-10</subfield>
<subfield code="a">Ākhūndī, Muḥammad.</subfield>
</datafield>
<datafield tag="880" ind1="1" ind2=" ">
<subfield code="6">100-01/</subfield>
<subfield code="a">‏كليني، محمد بن يعقوب،‏,</subfield>
<subfield code="d">-941?</subfield>
</datafield>
<datafield tag="880" ind1="1" ind2="0">
<subfield code="6">240-02/</subfield>
<subfield code="a">كافي</subfield>
</datafield>
<datafield tag="880" ind1="1" ind2="2">
<subfield code="6">245-03/</subfield>
<subfield code="a">‏الأصول من الكافي /‏</subfield>
<subfield code="c">‏تأليف أبي جعفر محمد بن يعقوب بن إسحاق الكليني الرازي ؛ صححه وعلق عليه علي أكبر الغفاري ؛ نهض بمشروعه محمد الأخوندي.</subfield>
</datafield>
<datafield tag="880" ind1="1" ind2=" ">
<subfield code="6">246-04/</subfield>
<subfield code="i">‏عنوان الأجزاء 3-7:‏</subfield>
<subfield code="a">‏فروع من الكافي</subfield>
</datafield>
<datafield tag="880" ind1="1" ind2=" ">
<subfield code="6">246-05/</subfield>
<subfield code="i">عنوان الجزء 8:‏</subfield>
<subfield code="a">‏روضة من الكافي</subfield>
</datafield>
<datafield tag="880" ind1=" " ind2=" ">
<subfield code="6">250-06/</subfield>
<subfield code="a">‏الطبعة 3.</subfield>
</datafield>
<datafield tag="880" ind1=" " ind2=" ">
<subfield code="6">260-07/</subfield>
<subfield code="a">‏تهران :‏</subfield>
<subfield code="b">‏دار الكتب الإسلامية،‏</subfield>
<subfield code="c">‏1388- [1968 أو 1969-]</subfield>
</datafield>
<datafield tag="880" ind1="0" ind2="0">
<subfield code="6">505-08/</subfield>
<subfield code="g">الجزء ١.-٢. ال</subfield>
<subfield code="t">أصول --</subfield>
<subfield code="g">الجزء ٣.-٧. ال</subfield>
<subfield code="t">فروع --</subfield>
<subfield code="g">الجزء ٨. ال</subfield>
<subfield code="t">روضة.</subfield>
</datafield>
<datafield tag="880" ind1="1" ind2=" ">
<subfield code="6">700-09/</subfield>
<subfield code="a">‏غفاري، علي أكبر.</subfield>
</datafield>
<datafield tag="880" ind1="1" ind2=" ">
<subfield code="6">700-10/</subfield>
<subfield code="a">آخوندي، محمد.</subfield>
</datafield>
<datafield tag="OWN" ind1=" " ind2=" ">
<subfield code="a">GENERAL</subfield>
</datafield>
<datafield tag="AVA" ind1=" " ind2=" ">
<subfield code="a">NYU50</subfield>
<subfield code="b">BOBST</subfield>
<subfield code="c">Main Collection</subfield>
<subfield code="d">BP193.25 .K842 1968</subfield>
<subfield code="e">available</subfield>
<subfield code="t">Available</subfield>
<subfield code="f">8</subfield>
<subfield code="g">0</subfield>
<subfield code="h">Y</subfield>
<subfield code="i">3</subfield>
<subfield code="j">MAIN</subfield>
<subfield code="k">0</subfield>
</datafield>
</record>
